3150 5292
278 350 352 424 tut
645 377 697 424 uu
734 375 880 425 sunto
918 369 1133 426 oturrto.

278 558 442 642 copiarum
465 549 648 620 urinum
670 557 849 617 exereitum
879 553 990 640 popuii
1011 554 1148 622 Romanu
1181 553 1222 617 nd
1254 551 1361 617 omniu
1389 566 1518 637 porse-1

277 651 424 740 quenda3
466 659 536 714 non'
572 667 653 714 asse
697 657 806 714 autem
844 649 939 715 alicui
981 655 1103 716 eirituti
1146 660 1270 715 sortem
1316 651 1510 712 incommodi

204 827 207 834 ¹
277 751 501 830 recusandum,
534 748 564 811 si
592 747 651 811 tali
675 765 767 813 mora
792 748 938 834 reliquae
970 755 1112 834 possent
1143 768 1183 814 se
1208 749 1370 814 sumcere
1406 752 1441 811 iu
1470 747 1511 809 li·

276 849 447 914 duriatum.
1013 879 1016 889 =
1168 870 1173 881 ·

373 977 416 1050 11.
467 975 554 1052 Quae
579 995 620 1040 ne
646 978 753 1067 opinio
768 975 933 1048 Gallorum
955 960 1207 1063 confirmaretur,
1236 968 1426 1045 caesarii.
1446 977 1510 1038 ln·

243 1077 397 1148 ttonium
431 1080 641 1160 quaestorem
676 1074 745 1137 suis
769 1073 927 1158 praeterit
950 1071 1116 1156 hibernis3
1150 1077 1221 1163 ipse
1247 1077 1390 1158 equiturn
1412 1092 1509 1156 prae-

274 1173 358 1244 sidio
383 1169 485 1266 pridie
516 1171 586 1234 Kal.
613 1169 786 1242 lanuarias
822 1165 863 1233 ub
889 1169 1006 1261 oppido
1038 1170 1188 1234 Bibracte
1219 1172 1435 1256 proficiscitur
1465 1169 1508 1232 ad

273 1270 437 1355 legionem
463 1267 549 1349 Xill,
585 1287 679 1352 quam
710 1288 772 1346 non
797 1267 897 1353 longe
929 1263 1090 1330 etinibus
1127 1268 1331 1333 Haeduorum
1367 1267 1507 1330 eolloeu-

273 1373 368 1462 verat
404 1369 434 1442 in
468 1366 584 1427 tinibus
609 1367 800 1455 Biturigum,
836 1368 933 1451 eique
963 1359 1109 1450 adjungit
1138 1364 1302 1451 legionem
1325 1363 1381 1446 xi,
1421 1381 1503 1451 quae

238 1465 419 1546 iproxima
440 1461 558 1526 suerat.
608 1461 697 1525 Binis
731 1453 921 1526 cohortibus
946 1461 986 1523 nd
1016 1459 1246 1546 impedimento
1276 1461 1398 1523 tuenda
1430 1461 1505 1522 reii-

271 1563 334 1622 etis
359 1559 516 1646 reliquum
532 1561 708 1622 exercitum
728 1562 759 1622 iu
784 1559 1030 1642 copiosissimos
1055 1577 1155 1643 ugros
1168 1557 1347 1644 Biturigum
1371 1558 1503 1640 inducit,

271 1659 326 1745 qui
351 1675 446 1740 quum
469 1656 557 1720 latos
581 1656 664 1718 lines
690 1661 731 1719 et
749 1655 913 1741 complure
943 1655 1062 1747 oppidu
1087 1654 1256 1736 habereut,
1282 1656 1376 1722 unius
1402 1655 1503 1740 legio·

271 1755 323 1824 nis
347 1749 493 1829 hibemis
518 1771 580 1814 nou
603 1755 767 1836 potuerint
788 1754 960 1834 contineri,
992 1756 1065 1837 quin
1092 1747 1398 1842 inellumgpurareut
1428 1772 1505 1814 eou-

267 1847 515 1936 jurationesque
540 1849 694 1914 iacerent.

238 1969 255 2028 i
368 1979 427 2050 111.
476 1982 656 2064 Repentino
694 1979 835 2052 edrentu
866 1979 1176 2071 Onerariaereidit,
1215 1976 1302 2064 quod
1333 1983 1504 2063 imputatio

271 2071 484 2160 disiectisque!
509 2078 654 2148 accidere
678 2077 740 2143 tuit
764 2095 916 2158 neeesse,
954 2083 991 2143 ut
1014 2079 1087 2141 siue
1110 2079 1226 2143 timere
1257 2077 1325 2140 uilo
1350 2095 1427 2145 rura
1447 2097 1505 2140 eo«

269 2173 379 2243 lenies
397 2177 488 2258 prius
506 2175 546 2236 ub
565 2177 710 2259 equitatu
728 2178 997 2258 opprimerentur,
1024 2192 1118 2257 quum
1134 2171 1313 2258 confugere
1330 2176 1366 2239 iu
1383 2175 1505 2265 oppidu

268 2277 427 2353 possent,
458 2288 594 2354 numque
626 2274 723 2333 etiam
757 2271 836 2333 illud
871 2271 1007 2357 uulgare
1038 2273 1232 2346 ineurnioult
1268 2270 1411 2343 Mullum
1435 2274 1502 2356 aig·

268 2385 355 2448 num,
394 2368 479 2451 quod
506 2363 663 2430 incendiis
696 2357 914 2430 aediiieiorum
954 2368 1091 2452 intelligi
1134 2371 1315 2448 consuerit3
1348 2368 1501 2430 Caesaris

269 2471 341 2527 erat
358 2465 529 2527 interdicto
550 2461 723 2546 sublatum,
749 2481 791 2526 ue
816 2471 872 2526 aut
895 2467 988 2548 eopia
1005 2465 1115 2550 pabuli
1135 2464 1361 2549 frumentique,
1382 2465 1500 2531 silon·

269 2559 344 2644 gius
368 2563 521 2646 progredi
545 2560 657 2643 veliet,
682 2559 886 2644 deficeretur,
921 2567 977 2625 unt
1009 2561 1126 2624 hostes
1157 2551 1312 2624 incendiis
1337 2567 1499 2624 terreren-

234 2655 332 2730 ²tur.
382 2657 493 2720 Multis
535 2659 697 2721 hominum
728 2653 859 2721 milibus
897 2661 1001 2740 captis
1030 2661 1194 2742 perterriti
1226 2659 1404 2743 Bituriges,
1449 2659 1500 2743 qui

184 2771 189 2779 ·
268 2753 403 2835 primum
437 2753 606 2817 adventum
643 2760 817 2837 potuerunt
847 2751 994 2838 effugere
1023 2755 1250 2838 Romanorum,
1283 2758 1316 2816 in
1347 2755 1498 2818 finitimas

269 2850 419 2922 civitates
457 2856 513 2912 aut
535 2853 671 2936 privatis
701 2849 854 2934 hospitiis
880 2849 992 2913 contisi
1016 2859 1073 2914 aut
1104 2855 1263 2915 societate
1293 2852 1498 2914 consiliorum

233 2941 491 3032 ooonugerant.
547 2947 698 3014 Frustra:
739 2967 812 3010 nam
840 2948 961 3010 (laesor
996 2951 1124 3034 mugnis
1157 2949 1327 3014 itineribus
1352 2951 1497 3011 omnibus
1562 2996 1563 3021 2

267 3041 349 3104 locis
376 3046 523 3126 occurrit,
545 3053 605 3108 n'eo
624 3045 680 3108 dat
703 3043 760 3107 uili
777 3047 897 3108 civitati
920 3048 1056 3128 spatium
1076 3042 1116 3106 de
1131 3047 1237 3108 aliena
1256 3049 1378 3133 potins,
1405 3064 1496 3130 quam
1562 3028 1563 3107 i

267 3138 307 3216 de
333 3139 512 3204 domesticu
537 3140 644 3205 salute
670 3143 848 3228 cogitandi3
881 3159 944 3234 qua
968 3141 1139 3204 eeleritate
1177 3150 1211 3205 et
1234 3143 1350 3205 iideies
1377 3145 1492 3205 amieos
1562 3160 1563 3167 ¹

265 3234 431 3298 retinebat
464 3244 499 3300 et
530 3235 714 3302 dubitantes
738 3246 866 3302 terrore
901 3237 942 3305 uti
966 3239 1168 3302 conditiones
1193 3243 1282 3323 pacis
1308 3238 1492 3303 adducebat

265 3331 336 3409 Tuli
362 3330 544 3396 conditione
568 3339 738 3418 proposita
759 3339 937 3421 Bituriges,
969 3356 1065 3420 quum
1097 3339 1159 3407 sibi
1183 3339 1329 3400 viderent
1359 3338 1494 3403 elemen-

264 3430 311 3492 tia
336 3428 486 3493 caesuris
510 3432 649 3496 reditum
673 3439 788 3516 patere
813 3429 843 3496 iu'
869 3431 942 3514 ejus
967 3435 1148 3515 amicitiam,
1181 3435 1398 3518 finitimusque
1424 3433 1494 3494 oiri·
1561 3420 1562 3503 J

264 3531 354 3587 tates
379 3530 451 3588 sine
477 3527 543 3589 ullu
567 3545 675 3611 poene
699 3527 832 3594 dedisse
858 3528 993 3593 obsides
1027 3538 1127 3614 atque
1156 3535 1188 3594 in
1218 3533 1315 3595 fidem
1344 3537 1494 3617 reoeptas

265 3639 356 3703 ttae,
391 3623 475 3686 idem
498 3623 653 3694 fecerunt.
823 3631 825 3637 ’

262 3871 380 3937 kinnor,
405 3887 450 3922 um
475 3869 527 3922 den
552 3887 586 3928 au
612 3868 700 3922 virleu
725 3833 778 3920 ron
797 3869 854 3920 eiu·
941 3868 1024 3922 Cn.
1042 3869 1093 3922 ΙΙΙ.
1115 3881 1138 3922 t.
1156 3868 1356 3939 delatisque)
1376 3869 1410 3920 Iu
1429 3869 1491 3921 eini-

263 3939 348 4004 puter
366 3939 608 3995 eurterntenonten
625 3937 853 4010 rugieiehuusge·
905 3956 957 4010 gan
986 3937 1089 3990 codd:
1120 3938 1354 4006 dejoetirqaaun
1383 3940 1491 4009 einiger
1560 3970 1561 4007 p

261 4007 417 4063 brocheueu
435 4007 555 4080 Kriegen
578 4008 719 4079 begeguen
736 4027 770 4062 zu
788 4006 854 4060 kias
905 4006 1022 4059 andern:
1040 4006 1222 4075 abjectisque.
1351 4017 1355 4025 ’
1560 4018 1561 4043 i

261 4078 348 4132 ΜΨ
857 4141 861 4149 ·
939 4108 1066 4177 rignum)
1102 4107 1159 4160 Der
1174 4106 1235 4158 hier
1252 4107 1491 4177 gebrauchtoriur-

300 4189 407 4231 sortem
429 4179 609 4236 incommodi)
641 4177 702 4250 Vgi.
723 4176 790 4248 Cap.
811 4187 852 4232 ι’).
905 4176 1011 4229 drueirt
1034 4177 1145 4243 siguum
1164 4177 1335 4246 intelligitur
1352 4181 1448 4248 aliqua
1461 4194 1491 4231 re

266 4261 333 4298 sorr
370 4248 495 4302 muli-
543 4247 628 4300 ‘Sinna
663 4248 772 4314 „Wenn
807 4247 854 4298 das
885 4245 989 4312 '(„das
1014 4245 1131 4296 Zeiehen
1156 4261 1207 4295 ron
1232 4247 1281 4298 der
1305 4247 1493 4299 Anwesenireit

266 4315 341 4372 nune
360 4315 432 4366 Heer
450 4315 581 4373 dadureh.
608 4317 668 4368 dass
686 4333 713 4367 er
731 4314 787 4366 sich
805 4315 855 4367 mit
905 4315 953 4366 der
967 4311 1151 4366 Feindewird
1171 4314 1328 4375 erianntan
1342 4315 1490 4368 deanren-

266 4383 314 4436 der
337 4381 527 4456 Bekdrupfung
557 4385 638 4438 Eioes
661 4383 762 4436 Volkes
796 4384 853 4434 aul·
904 4402 955 4435 nen
975 4381 1199 4448 derGehtnde‘p
1217 4384 1489 4455 istuugewilrnlieh3

261 4451 345 4506 hieite
363 4449 430 4522 (rati
454 4457 559 4518 mora),
586 4454 637 4505 den
655 4453 771 4524 librigeu
793 4453 853 4504 zeii
904 4453 973 4503 denu
992 4451 1174 4502 dusBrennen
1194 4451 1242 4502 der
1259 4451 1366 4506 liinser
1380 4456 1411 4505 iat
1424 4453 1489 4504 eben

260 4523 317 4576 und
343 4519 525 4594 ittugiionieit
548 4523 626 4588 lame,
656 4521 713 4573 rich
744 4539 777 4572 zu
804 4520 852 4572 be·
901 4519 1219 4588 jenesZeicirenseibrt3
1238 4522 1488 4576 manmirsstedenn

260 4593 359 4657 freden,
383 4608 412 4643 so
426 4593 519 4640 nulium
536 4591 616 4655 ujeues
640 4589 712 4641 volk
732 4589 779 4641 das
797 4587 851 4642 ilua
921 4590 980 4640 uod
1002 4589 1075 4638 nicht
1093 4587 1132 4640 als
1147 4587 1300 4641 Relatlvnm
1319 4593 1370 4643 auf
1383 4593 1489 4659 siguum

218 4668 233 4706 t
260 4659 385 4714 dadnrclr
403 4657 572 4730 augellileue
590 4659 745 4730 Ungemaeh
767 4675 850 4728 gerne
900 4608 1045 4720 fericiaco,
1063 4657 1179 4709 eundern
1196 4657 1237 4710 ula
1250 4657 1425 4725 conjunctius
1438 4659 1488 4710 far-

259 4731 382 4801 trngen.“
412 4766 414 4775 ,
695 4761 706 4776 ι.
900 4741 959 4790 tem
987 4725 1044 4780 ud
1080 4725 1121 4778 uls
1148 4725 1264 4794 Sabim
1293 4729 1341 4786 fer
1375 4725 1488 4795 intelligi
