3150 5292
323 372 405 418 nnn.
436 373 471 417 u.
528 373 620 417 cnr.
652 373 748 424 savir.
780 375 888 422 ntur.
919 372 1005 419 xxix.
1214 352 1267 429 81·

143 548 272 611 XXVII:
300 548 418 612 llorunr
449 547 585 613 aduentu
609 553 700 614 tauta
723 566 830 613 rernm
857 553 1062 614 eommutatlo
1086 556 1141 621 est
1165 550 1297 629 laetat
1398 579 1406 593 ·

61 650 87 705 ut
117 648 215 707 nostri
253 649 350 709 etism
390 648 443 730 qui
481 647 665 709 vulneribus
703 648 840 712 eonieoti
871 648 1124 729 procubuissent
1160 649 1263 710 scutis

26 780 27 783 π
61 744 139 803 innixi
167 741 324 824 proelium
357 738 625 827 redintegrarent,
660 748 726 807 tum
757 743 889 806 calones
921 747 1114 825 perterritos
1133 744 1264 807 hostes

63 840 217 921 conspicati
247 842 344 904 etlam
374 830 516 903 inermes
547 842 679 905 arruntis
704 845 919 922 oceumerent,
952 843 1080 924 equites
1105 859 1194 921 uero,
1228 846 1264 904 ut

62 935 268 1017 turpitudinem
292 934 391 1021 fugae
415 940 534 1000 uirtute
550 937 716 1015 delerent,
741 937 887 1005 omuibus
911 939 943 1022 in
967 936 1048 1002 lonis
1072 955 1199 1021 pugnae
1223 955 1264 1002 se
1290 951 1294 964 ¹

62 1028 230 1113 legionariis
263 1034 417 1099 militibus
450 1034 663 1116 praeferrent.
718 1034 760 1095 At
787 1034 904 1097 hostes
935 1036 1032 1096 etiam
1063 1036 1094 1096 in
1119 1041 1298 1097 extremuit

26 1174 27 1181 .
62 1144 109 1207 spe
130 1128 245 1193 salutis
265 1136 385 1193 tantam
406 1133 556 1193 virtutem
577 1132 821 1212 praestiterunt,
845 1135 892 1210 ut,
917 1148 1013 1213 quum
1036 1132 1130 1211 primi
1152 1147 1264 1192 eorum
1299 1160 1304 1196 π
1374 1141 1380 1171 '-
1415 1163 1417 1165 -

63 1224 248 1306 recidissent,
280 1230 414 1309 proximi
438 1224 624 1309 jacentibus
651 1220 843 1305 inQerent
871 1232 968 1309 utque
992 1246 1034 1289 ex
1058 1244 1169 1289 eorum
1195 1237 1264 1288 eor·

62 1321 173 1398 poribus
198 1324 399 1407 pugnarent3
436 1324 487 1385 bis
520 1320 657 1405 dejectis
687 1330 723 1384 et
752 1327 953 1386 coacervatis
977 1324 1186 1400 cadaveribus
1211 1326 1272 1405 qui,

63 1425 272 1501 superessent,
305 1426 341 1483 ut
365 1438 407 1485 ex
429 1418 562 1501 tumulo,
596 1418 663 1483 telo
693 1422 725 1481 in
756 1427 889 1482 nostros
914 1416 1111 1501 eonjieerent
1142 1427 1177 1482 et
1199 1416 1269 1513 pila

26 1572 27 1599 ἶ
61 1513 224 1599 intercepta
251 1521 471 1581 remitterent:
507 1524 543 1597 pt
573 1536 634 1578 non
666 1517 876 1599 nequidquam
908 1522 1018 1579 tantae
1051 1520 1177 1579 virtutis
1207 1516 1265 1579 ho·

26 1604 27 1643 l
61 1611 147 1675 mines
169 1610 308 1693 judicari
338 1600 475 1677 deberet
503 1632 603 1677 ausos
634 1632 713 1677 esse
746 1613 1107 1681 transirelatlssimum
1134 1613 1264 1691 flumen,

61 1708 222 1771 ascendere
260 1710 438 1773 altissimus
467 1714 567 1793 ripas,
602 1712 717 1773 subire
754 1707 990 1793 iniquissimum
1008 1710 1140 1773 Ionum:
1183 1701 1271 1795 quae¹

26 1814 28 1819 ·
60 1796 217 1873 faciliaex
241 1804 436 1871 difficillimis
460 1810 555 1871 animi
579 1807 763 1892 magnitudo
787 1808 972 1891 redegerat.

137 1954 285 2017 XXVIII.
310 1954 378 2017 lloa
400 1955 524 2035 proelio
549 1955 635 2018 laeto
661 1956 695 2018 tt
711 1974 813 2038 prope
836 1956 878 2019 ad
894 1948 1268 2041 internecionem'geute
1287 1970 1301 2013 1

60 2064 92 2108 aa
111 2054 235 2113 nomine
259 2052 447 2114 Nerviorum
472 2050 602 2114 redacto
626 2050 768 2134 maiores
788 2059 882 2135 natu,
907 2072 989 2137 quos
1013 2072 1077 2116 una
1101 2072 1171 2115 enm
1192 2071 1271 2136 pue-

61 2148 97 2205 ris
121 2146 377 2232 mulieribusque
408 2152 439 2210 in
472 2153 638 2222 aestuaria
670 2168 708 2211 ae
731 2149 868 2232 paludes
893 2150 1049 2213 collectos
1073 2143 1272 2230 dixeramus,

62 2239 108 2303 hn'e
122 2264 233 2331 pugna
252 2249 404 2327 nuntiata,
432 2261 527 2331 quum
552 2244 726 2309 victoribus
751 2246 830 2307 nibil
854 2246 1049 2329 impeditum,
1074 2250 1169 2309 victis
1194 2246 1272 2310 nihil
1303 2255 1309 2289 ³

65 2342 145 2402 bitum
176 2337 422 2423 arbitrarentur,
454 2344 603 2423 omnium,
636 2346 689 2426 qni
716 2349 920 2425 supererant,
952 2359 1116 2405 consensu
1140 2342 1273 2426 legatos

61 2434 92 2495 'ad
107 2439 279 2501 Gaesarem
304 2426 461 2502 miseruut
485 2444 587 2530 se'que
612 2442 644 2501 ei
668 2440 856 2503 dediderunt
881 2441 970 2501 etin
997 2432 1276 2501 commemorando

65 2532 186 2598 civitatis
219 2537 399 2598 calamitate
431 2554 472 2598 ex
502 2522 557 2597 ilc
589 2536 629 2599 ad
652 2536 699 2597 III
724 2542 909 2617 senatores,
944 2554 986 2599 ex
1009 2536 1168 2597 bominum
1192 2535 1275 2596 milia

64 2622 111 2691 bus
133 2632 190 2693 LX
214 2633 330 2715 vixlad
354 2635 394 2713 ll,
425 2636 477 2717 qui
509 2652 597 2694 arma
620 2630 707 2716 ferre
734 2639 883 2715 possent,
915 2652 994 2695 sese
1019 2633 1168 2694 redactos
1194 2650 1274 2693 esse

64 2722 205 2791 dixerunt.
243 2730 328 2803 Quos
350 2718 488 2815 Caesar,
506 2714 541 2792 ut
565 2734 596 2791 in
622 2734 761 2793 miseros
784 2748 826 2796 ,ae
850 2717 1018 2812 supplices
1043 2750 1124 2791 usus
1140 2732 1307 2791 miseri-2

64 2825 156 2885 eordia
178 2826 351 2905 videretur,
369 2826 624 2911 ⁴diligentissime
650 2830 854 2903 conservavit
877 2830 1012 2907 suisque
1037 2829 1152 2887 funibus
1175 2833 1275 2909 atqua

65 2921 177 3002 oppidis
195 2924 247 2981 uti
266 2918 377 3003 jussit,
412 2929 445 2984 et
466 2923 612 2984 'finitimis
636 2924 816 3005 imperavit,
849 2928 885 2982 ut
912 2924 953 2983 ab
977 2920 1093 3003 injuria
1120 2930 1155 2985 et
1176 2923 1274 2989 male·

64 3012 118 3079 irio
146 3033 187 3077 se
214 3035 356 3101 suosque
381 3004 616 3108 prolabor-ests

147 3163 262 3225 XXIX.
296 3162 460 3244 Aduatuei,
491 3165 531 3227 de
562 3166 677 3248 quibus
703 3168 1026 3248 suprascripsimus,
1056 3186 1152 3251 quum
1178 3170 1308 3226 omni-1

64 3253 114 3321 bus
135 3264 241 3344 copiis
265 3262 384 3323 auxilio
402 3264 528 3323 Nerviis
546 3265 702 3343 venirent,
729 3262 788 3322 han
812 3282 921 3347 pugna
940 3266 1085 3325 nuntiata
1103 3284 1143 3325 ex
1161 3266 1277 3325 itinere

95 3483 165 3538 Gna.
185 3485 304 3552 XXVII,
326 3498 347 3539 1.
366 3489 460 3539 nostri
477 3491 561 3541 etium
579 3492 640 3561 qui)
690 3491 858 3543 Vornehmen
877 3487 1020 3546 benonders
1037 3488 1277 3564 Hernorragenden

64 3548 125 3604 Statu
147 3563 314 3607 nostrorum
340 3558 424 3609 etiam
453 3558 482 3624 ἰί,
516 3558 566 3627 qui
589 3571 639 3611 eto.
689 3559 755 3615 uud'
771 3559 820 3609 mit
836 3560 944 3612 Gewalt
960 3562 1172 3629 Auspestatteten
1198 3577 1276 3629 gege-

65 3618 208 3689 igl.zu1,
228 3631 269 3688 δ’),
288 3626 313 3679 lu.
339 3625 458 3693 Reperti
480 3636 549 3677 nunt
566 3644 639 3679 com·
690 3624 743 3678 hen
763 3627 858 3693 wind).
886 3628 945 3698 Vgl.
965 3630 1057 3683 Barth.
1074 3628 1209 3681 Teutachl.
1229 3629 1279 3696 Ur-¹

63 3688 150 3753 plures
168 3693 263 3742 nostrl
281 3693 392 3745 milites.
690 3696 779 3765 gesoh.
799 3695 836 3751 II.
857 3697 879 3763 §.
896 3703 945 3753 646
959 3696 987 3750 ff.
1126 3753 1128 3757 ,
1193 3697 1200 3711 ’

94 3791 116 3836 π
132 3783 296 3852 πππ)
410 3804 444 3837 π
609 3762 613 3769 ·
768 3763 1279 3845 >

96 3895 171 3951 cir.
192 3898 327 3965 XXVHI,
354 3914 376 3953 1.
400 3894 561 3969 senatores)
591 3902 639 3953 ca·
692 3900 793 3951 Schein
826 3902 924 3955 konnte
957 3921 984 3954 es
1008 3903 1115 3953 Ciiaar'u
1145 3922 1178 3961 uu
1209 3902 1277 3953 thun

65 3968 103 4015 siin
124 3970 192 4035 trdgt
212 3966 281 4035 hier,
306 3968 358 4021 wie
381 3968 411 4025 in
434 3968 517 4021 virleu
536 3958 638 4037 Pallen,
691 3984 768 4039 seyn,
791 3970 905 4021 sondern
925 3971 1026 4034 darum,
1048 3970 1105 4020 dass
1123 3968 1284 4021 ersiehtliclr‘

67 4032 135 4083 einen
154 4034 304 4088 r'dmIsehen
323 4036 425 4089 Numen
449 4038 497 4089 auf
513 4038 555 4089 die
575 4038 640 4089 Ver·
692 4036 785 4089 words
816 4040 872 4091 und
895 4060 944 4094 zur
967 4038 1200 4090 unzweifellraften
1223 4042 1277 4092 Au·
1306 4075 1309 4080 -

65 4098 180 4156 hiduinus
198 4104 253 4155 und
266 4104 479 4175 Einriehtungen
498 4106 545 4157 der
561 4106 641 4160 frent·
692 4106 851 4157 erlennuno
875 4110 1008 4178 galangae,
1040 4107 1090 4157 wie
1114 4105 1278 4177 iriensehliph

67 4168 110 4221 deu
137 4170 236 4230 lelrer
270 4172 348 4229 iiber.
402 4176 479 4226 Auch
513 4174 558 4227 bei
589 4174 640 4225 den
693 4194 722 4225 er
740 4147 977 4251 gehaudeltqlmbe.
1013 4174 1044 4226 Β.
1060 4174 1117 4227 Cir.
1136 4176 1174 4241 11,
1190 4186 1231 4239 33,
1252 4190 1276 4231 1.

66 4236 179 4309 Uhiern·
201 4240 320 4294 erwdhnt
360 4260 389 4293 er
429 4242 500 4295 einen
536 4243 640 4297 Sennis.
694 4244 755 4315 (lua
775 4246 904 4295 venilone
919 4244 1045 4312 permoti
1060 4246 1161 4296 milites
1177 4244 1278 4306 er·ebro

66 4302 158 4372 IV,11.
178 4309 640 4377 Wahrscheiuliuhistdarnitiiber·
692 4314 776 4362 etium
810 4312 946 4365 dicentem
982 4312 1206 4379 interpellabant,
1245 4322 1279 4365 ut

67 4372 141 4445 haupt
164 4376 211 4429 der
237 4396 319 4448 ganne
342 4376 428 4431 Staud
452 4380 498 4429 der
520 4381 641 4438 Vorneh·
691 4398 874 4447 magnorum
897 4380 996 4433 dolore
1018 4382 1191 4445 infidelitatis
1215 4398 1278 4443 nuo·-

67 4458 120 4495 men
144 4444 267 4515 gemeint,
299 4446 347 4497 der
375 4465 407 4499 an
432 4448 533 4499 andern
558 4449 641 4500 Orien
689 4450 828 4517 pittonem
872 4452 1014 4501 sustinere
1048 4450 1275 4501 viderentur.

26 4544 27 4549 π
68 4512 129 4563 auch
158 4514 212 4573 mit¹
237 4514 337 4566 andern
359 4516 461 4579 Numen
487 4516 643 4583 bezeiolrnet
693 4516 748 4569 cic.
769 4514 802 4568 de
821 4517 863 4573 off.
882 4518 906 4584 Ι,
925 4528 968 4582 33,
988 4528 1011 4573 9.
1039 4516 1217 4569 Commutato
1233 4533 1278 4581 ge-

69 4578 131 4631 nird
150 4586 187 4652 (n.
201 4583 234 4639 Β,
249 4584 380 4639 nobilitas
398 4584 431 4649 V,
442 4586 553 4639 asauch
563 4587 643 4655 prin·
693 4602 759 4635 nere
784 4588 860 4639 vitoe
886 4590 962 4639 omni
986 4589 1099 4638 ratione
1122 4584 1277 4637 curandum

26 4698 27 4709 ἢ
68 4650 137 4715 elpes
170 4652 294 4705 wiewohl
318 4651 404 4711 dieser
422 4652 506 4719 Narne
530 4654 568 4705 oft
591 4653 642 4704 den
694 4664 746 4719 est,
771 4664 805 4705 ut
826 4656 858 4709 id
876 4656 950 4709 bono
973 4656 1089 4714 consilio
1107 4655 1212 4719 fecisse
1229 4652 1277 4701 oi-

26 4720 27 4767 ]
70 4716 201 4770 einzenen
230 4738 278 4773 aus
308 4718 355 4770 der
379 4736 481 4788 genuen
506 4717 573 4794 Zabi
597 4722 644 4774 der
693 4722 864 4779 deant-or...

110 4809 171 4858 ar.
185 4812 253 4858 em..
266 4812 361 4858 eom.
378 4810 490 4857 ueneno
505 4812 562 4870 gur.
585 4796 675 4859 narrat
689 4826 790 4894 qqara.
923 4782 938 4816 ⁸
1016 4802 1084 4859 ‘u
1168 4776 1193 4829 ¹>
1267 4797 1273 4809 '
